%2018
@inproceedings{Barkhuus.Rode.2007.evalchi,
title={From Mice to Men -- 24 Years of Evaluation in CHI},
author={Barkhuus, Louise and Rode, Jennifer A},
booktitle={Proceedings of the SIGCHI Conference on Human Factors in Computing Systems},
pages={1--16},
year={2007}
}
@book{Bjorn.2017.pushturnmove,
title={Push Turn Move},
author={Bj{\o}rn, Kim},
year={2017},
publisher={Bjooks}
}
@book{Brilmayer.et.al.2018.goodvibrations,
title={Good Vibrations: Eine Geschichte der elektronischen Musikinstrumente / A History of Electronic Musical Instruments},
author={Brilmayer, Benedikt and Hardjowirogo, Sarah-Indriyati and Restle, Conny},
year={2018},
publisher={Deutscher Kunstverlag}
}
@inproceedings{Bodker.2006.second,
title={When Second Wave HCI Meets Third Wave Challenges},
author={B{\o}dker, Susanne},
booktitle={Proceedings of the 4th Nordic Conference on Human-Computer Interaction: Changing Roles},
pages={1--8},
year={2006},
organization={ACM}
}
@article{Bodker.2015.third,
author = {B{\o}dker, Susanne},
title = {Third-wave HCI, 10 Years Later---participation and Sharing},
journal = {interactions},
issue_date = {September-October 2015},
volume = {22},
number = {5},
month = aug,
year = {2015},
pages = {24--31},
} 
@article{Buxton.1997,
author = {Buxton, Bill},
title = {Artists and the Art of the Luthier},
journal = {SIGGRAPH Comput. Graph.},
issue_date = {Feb. 1997},
volume = {31},
number = {1},
month = feb,
year = {1997},
pages = {10--11},
publisher = {ACM},
address = {New York, NY, USA},
} 
@book{Harper.et.al.2008.being,
title={Being Human: Human-Computer Interaction in the Year 2020},
author={Harper, Richard and Rodden, T and Rogers, Yvonne and Sellen, Abigail},
year={2008},
publisher={Microsoft Research Ltd}
}
@inproceedings{Harrison.et.al.2007.three,
  title={The three Paradigms of HCI},
  author={Harrison, Steve and Tatar, Deborah and Sengers, Phoebe},
  booktitle={Alt. Chi. Session at the SIGCHI Conference on Human Factors in Computing Systems San Jose, California, USA},
  pages={1--18},
  year={2007}
}
@techreport{Hewett.1992.curricula,
author = {Hewett, Thomas T. and Baecker, Ronald and Card, Stuart and Carey, Tom and Gasen, Jean and Mantei, Marilyn and Perlman, Gary and Strong, Gary and Verplank, William},
title = {ACM SIGCHI Curricula for Human-Computer Interaction},
year = {1992},
publisher = {ACM}
} 
@book{Preece.et.al.2015.ic-book,
title={Interaction Design: Bbeyond Human-Computer Interaction},
author={Preece, Jenny and Rogers, Yvonne and Sharp, Helen},
year={2015},
publisher={John Wiley \& Sons}
}
@phdthesis{Xambo.2015.thesis,
title={Tabletop Tangible Interfaces for Music Performance: Design and Evaluation},
author={Xamb{\'o}, Anna},
year={2015},
school={The Open University}
}
%2019
@article{Grandhi.2015.interactions,
  title={{Educating Ourselves on HCI Education}},
  author={Grandhi, Sukeshini A.},
  journal={interactions},
  volume={22},
  number={6},
  pages={69--71},
  year={2015}
}
@inproceedings{Gross.2014:ICHCI,
 author = {Gross, Tom},
 title = {Human-Computer Interaction Education and Diversity},
 booktitle = {16th International Conference on Human-Computer Interaction. Theories, Methods, and Tools - Volume 8510},
 year = {2014},
 isbn = {978-3-319-07232-6},
 pages = {187--198},
 publisher = {Springer-Verlag},
 address = {Berlin, Heidelberg},
 editor = {Masaaki Kurosu}
 }
@book{Miranda.Wanderley.2006,
title={New Digital Musical Instruments: Control and Interaction Beyond the Keyboard},
author={Miranda, Eduardo Reck and Wanderley, Marcelo M},
year={2006},
publisher={AR Editions, Inc.}
}
@book{Rogers.1983.diffusion,
  title={Diffusion of Innovations},
  author={M Rogers, Everett},
  year={1983},
  publisher={The Free Press}
}
@article{Hutchins.Klausen.1996.distributed,
  title={Distributed Cognition in an Airline Cockpit},
  author={Hutchins, Edwin and Klausen, Tove},
  journal={Cognition and Communication at Work},
  pages={15--34},
  year={1996},
  publisher={New York}
}
@book{Dourish.2004.embodiedinteraction,
  title={Where The Action Is: The Foundations of Embodied Interaction},
  author={Dourish, Paul},
  year={2004},
  publisher={MIT press}
}
@inproceedings{Gross.2014:ICHCI,
 author = {Gross, Tom},
 title = {Human-Computer Interaction Education and Diversity},
 booktitle = {16th International Conference on Human-Computer Interaction. Theories, Methods, and Tools - Volume 8510},
 year = {2014},
 isbn = {978-3-319-07232-6},
 pages = {187--198},
 publisher = {Springer-Verlag},
 address = {Berlin, Heidelberg},
 editor = {Masaaki Kurosu}
 }
 @book{Shneiderman.2003:MITPress,
 author = {Shneiderman, Ben},
 title = {Leonardo's Laptop: Human Needs and the New Computing Technologies},
 year = {2003},
 isbn = {0262692996},
 publisher = {MIT Press},
 address = {Cambridge, MA, USA},
} 
